% Encoding: UTF-8

@STRING{AIM = {Proc. of the IEEE/ASME Int. Conf. on Advanced Intelligent Mechatronics}}

@STRING{CASE = {Proc. of the IEEE Int. Conf. on Automation Science and Engineering}}

@STRING{ICRA = {Proc. of the IEEE Int. Conf. on Robotics and Automation}}

@STRING{IJO = {International Journal of Optomechatronics}}

@STRING{IJRR = {Int. Journal of Robotics Research}}

@STRING{IROS = {Proc. of the IEEE/RSJ Int. Conf. on Intelligent Robots and Systems}}

@STRING{ISOT = {Proc. of the IEEE Int. Symp. on Optomechatronic Technologies}}

@STRING{JFPDA = {Journées Francophones sur la Planification, la Décision et l'Apprentissage
	pour la conduite de systèmes}}

@STRING{JMM = {Journal of Micromechanics and Microengineering }}

@STRING{MECH = {IFAC Mechatronics}}

@STRING{TASE = {IEEE Transactions on Automation Science and Engineering}}

@STRING{TI = {Techniques de l'ingénieur}}

@STRING{TMECH = {IEEE/ASME Transactions on Mechatronics}}

@STRING{TRO = {IEEE Transactions on robotics}}

@STRING{RAL = {IEEE Robotics and Automation Letters}}

@Article{Laurent2018parallel,
  author      = {Laurent, Guillaume and Dahmouche, Redwan and Haouas, Wissem and Piat, Nadine},
  title       = {Parallel robotic wrist with four degrees of freedom},
  number      = {WO2018/065734},
  year        = {2018},
  date        = {2018-04-12},
  groups      = {BRE},
  url = {https://patents.google.com/patent/WO2018065734A1/en},
  nationality = {French},
  yearfiled   = {2016},
}

@Article{Laurent2018parallel,
  author      = {André, Antoine and Laurent, Guillaume and Sandoz, Patrick},
  title       = {Vernier Library},
  number      = {IDDN.FR.001.510013.000.S.P.2020.000.41100},
  year        = {2020},
  date        = {2020-12-11},
  groups      = {BRE},
  url = {https://projects.femto-st.fr/vernier/en},
  nationality = {French},
}

@InProceedings{AsmadVergara2016inplane,
  author    = {Asmad Vergara, M. and Jacquot, M. and Laurent, G. J. and Sandoz, P.},
  title     = {In-plane position and orientation measurement of a mobile target by digital holography},
  booktitle = {Latin America Optics and Photonics Conference (Optical Society of America)},
  year      = {2016},
  note      = {paper LTh3C.3},
  doi       = {10.1364/LAOP.2016.LTh3C.3},
  groups    = {ACTI, High Resolution Visual Measurements},
}

@Article{Guelpa2016modular,
  author    = {Guelpa, Valérian and Laurent, Guillaume J. and Dahroug, Bassem and Le Fort-Piat, Nadine},
  title     = {Modular Contact-Free Conveyors for Handling Planar Fragile Objects},
  journal   = {IEEE Transactions on Robotics},
  year      = {2016},
  volume    = {33},
  number    = {1},
  pages     = {92--101},
  doi       = {10.1109/TRO.2016.2623340},
  groups    = {ACLI, Distributed Manipulation with Air Flow},
}

@InProceedings{Guelpa2016pattern,
  author    = {Guelpa, V. and Sandoz, P. and Clévy, C. and Le Fort-Piat, N. and Laurent, G. J.},
  title     = {Pattern-based vision for microrobotic manipulators calibration and servoing},
  booktitle = {International Conference on Ubiquitous Robots and Ambient Intelligence},
  year      = {2016},
  month     = {Aug},
  pages     = {308--310},
  doi       = {10.1109/URAI.2016.7734048},
  groups    = {INV, ACTI, High Resolution Visual Measurements},
}

@InProceedings{Guelpa2016single,
  author    = {Guelpa, V. and Laurent, G. J. and Tamadazte, B. and Sandoz, P. and Le Fort-Piat, N. and Clévy, C.},
  title     = {Single frequency-based visual servoing for microrobotics applications},
  booktitle = IROS,
  year      = {2016},
  month     = {Oct},
  pages     = {4274--4279},
  doi       = {10.1109/IROS.2016.7759629},
  groups    = {ACTI, High Resolution Visual Measurements},
}

@Conference{Guelpa2016twinscale,
  author    = {Guelpa, Valérian and Sandoz, Patrick and Clévy, Cédric and Le Fort-Piat, Nadine and Laurent, Guillaume J.},
  title     = {Twin-Scale Visual Method for Nanoposition and Microforce Measurements with Large Range-to-Resolution Ratio},
  booktitle = {International Conference on Manipulation, Automation and Robotics at Small Scales},
  year      = {2016},
  month     = {July 20},
  address = {Paris, France},
  groups    = {COMI},
}

@Article{Guelpa2016visual,
  author    = {Guelpa, Valérian and Sandoz, Patrick and Vergara, Miguel Asmad and Clévy, Cédric and Le Fort-Piat, Nadine and Laurent, Guillaume J.},
  title     = {{2D} visual micro-position measurement based on intertwined twin-scale patterns},
  journal   = {Sensors and Actuators A: Physical},
  year      = {2016},
  volume    = {248},
  pages     = {272--280},
  doi       = {10.1016/j.sna.2016.08.002},
  groups    = {ACLI, High Resolution Visual Measurements},
}

@InProceedings{Haouas2016spherical,
  author    = {Haouas, W. and Dahmouche, R. and Le Fort-Piat, N. and Laurent, G. J.},
  title     = {{4-DoF} spherical parallel wrist with embedded grasping capability for minimally invasive surgery},
  booktitle = IROS,
  year      = {2016},
  month     = {Oct},
  pages     = {2363--2368},
  doi       = {10.1109/IROS.2016.7759368},
  groups    = {ACTI, Microrobots Design and Modelling},
}

@InProceedings{Komati2016automated,
  author    = {Komati, B. and Kudryavtsev, A. and Clévy, C. and Laurent, G. and Tamadazte, B. and Agnus, J. and Lutz, P.},
  title     = {Automated robotic microassembly of flexible optical components},
  booktitle = {Proc. of the IEEE International Symposium on Assembly and Manufacturing (ISAM)},
  year      = {2016},
  month     = {Aug},
  pages     = {93--98},
  doi       = {10.1109/ISAM.2016.7750721},
  groups    = {ACTI, Microrobots Calibration and Control by Vision},
}

@InProceedings{Ourak2016automated,
  author    = {Ourak, M. and De Simone, A. and Tamadazte, B. and Laurent, G. J. and Menciassi, A. and Andreff, N.},
  title     = {Automated in-plane {OCT}-probe positioning towards repetitive optical biopsies},
  booktitle = ICRA,
  year      = {2016},
  month     = {May},
  pages     = {4186--4191},
  doi       = {10.1109/ICRA.2016.7487612},
  groups    = {ACTI, Microrobots Calibration and Control by Vision},
}

@Article{Tan2016compressive,
  author    = {Tan, Ning and Clévy, Cédric and Laurent, Guillaume J. and Chaillet, Nicolas},
  title     = {Compressive Sensing-Based Metrology for Micropositioning Stages Characterization},
  journal   = RAL,
  year      = {2016},
  volume    = {1},
  number    = {2},
  pages     = {638--645},
  doi       = {10.1109/LRA.2016.2523550},
  groups    = {ACLI, Microrobots Calibration and Control by Vision},
}

@InProceedings{Dahroug2015design,
  author    = {Dahroug, Bassem and Laurent, Guillaume J. and Guelpa, Valérian and Le Fort-Piat, Nadine},
  title     = {Design, modeling and control of a modular contactless wafer handling system},
  booktitle = ICRA,
  year      = {2015},
  note      = {Best Automation Paper Award},
  pages     = {976--981},
  doi       = {10.1109/ICRA.2015.7139295},
  groups    = {ACTI, Distributed Manipulation with Air Flow},
}

@Article{Guelpa2015vision,
  author    = {Guelpa, Valérian and Laurent, Guillaume J. and Sandoz, Patrick and Clévy, Cédric},
  title     = {Vision-Based Microforce Measurement with a Large Range-to-Resolution Ratio using a Twin-Scale Pattern},
  journal   = TMECH,
  year      = {2015},
  volume    = {20},
  number    = {6},
  pages     = {3148--3156},
  doi       = {10.1109/TMECH.2015.2407053},
  groups    = {ACLI, High Resolution Visual Measurements},
}

@Article{Kudryavtsev2015analysis,
  author    = {Kudryavtsev, Andrey and Laurent, Guillaume J. and Clévy, Cédric and Tamadazte, Brahim and Lutz, Philippe},
  title     = {Analysis of {CAD} Model-based Visual Tracking for Microassembly using a New Block Set for {MATLAB/Simulink}.},
  journal   = IJO,
  year      = {2015},
  volume    = {9},
  number    = {4},
  pages     = {295--309},
  doi       = {10.1080/15599612.2015.1059532},
  groups    = {ACLI, Microrobots Calibration and Control by Vision},
}

@InProceedings{Kudryavtsev2015stereovision,
  author    = {Kudryavtsev, Andrey V. and Laurent, Guillaume J. and Clévy, Cédric and Tamadazte, Brahim and Lutz, Philippe},
  title     = {Stereovision-based control for automated {MOEMS} assembly},
  booktitle = IROS,
  year      = {2015},
  month     = {Sept},
  pages     = {1391--1396},
  doi       = {10.1109/IROS.2015.7353549},
  groups    = {ACTI, Microrobots Calibration and Control by Vision},
}

@Article{Laurent2015survey,
  author    = {Laurent, Guillaume J. and Moon, Hyungpil},
  title     = {A survey of non-prehensile pneumatic manipulation surfaces: principles, models and control},
  journal   = {Intelligent Service Robotics},
  year      = {2015},
  volume    = {8},
  number    = {3},
  pages     = {151--163},
  doi       = {10.1007/s11370-015-0175-0},
  groups    = {ACLI, Distributed Manipulation with Air Flow},
}

@Article{Tan2015accuracy,
  author    = {Tan, Ning and Clévy, Cédric and Laurent, Guillaume J. and Sandoz, Patrick and Chaillet, Nicolas},
  title     = {Accuracy Quantification and Improvement of Serial Micropositioning Robots for In-Plane Motions},
  journal   = TRO,
  year      = {2015},
  volume    = {31},
  number    = {6},
  month     = {Dec},
  pages     = {1497--1507},
  doi       = {10.1109/TRO.2015.2498301},
  groups    = {ACLI, Microrobots Calibration and Control by Vision},
}

@Article{Guelpa2014subpixelic,
  author    = {Guelpa, Valérian and Laurent, Guillaume J. and Sandoz, Patrick and Galeano Zea, July and Clévy, Cédric},
  title     = {Subpixelic Measurement of Large 1D Displacements: Principle, Processing Algorithms, Performances and Software},
  journal   = {Sensors},
  year      = {2014},
  volume    = {14},
  number    = {3},
  pages     = {5056--5073},
  doi       = {10.3390/s140305056},
  groups    = {ACLI, High Resolution Visual Measurements},
}

@InProceedings{Kudryavtsev2014characterization,
  author    = {Kudryavtsev, Andrey V. and Laurent, Guillaume J. and Clévy, Cédric and Tamadazte, Brahim and Lutz, Philippe},
  title     = {Characterization of Model-based Visual Tracking Techniques for {MOEMS} using a New Block Set for {MATLAB/Simulink}},
  booktitle = ISOT,
  year      = {2014},
  month     = {November 5-7},
  doi       = {10.1109/ISOT.2014.47},
  address   = {Seattle, USA},
  groups    = {ACTI, Microrobots Calibration and Control by Vision},
}

@Conference{Laurent2014contactless,
  author    = {Laurent, Guillaume J.},
  title     = {Contactless Manipulation with Airflow: from Macro to Micro Devices},
  booktitle = {Workshop on merging micro and macro manipulation and manufacturing technologies and methods, joint to AIM},
  year      = {2014},
  month     = {July 7th},
  address   = {Besançon, France},
  groups    = {COMI},
}

@Article{Laurent2014micropositionning,
  author    = {Laurent, Guillaume J. and Delettre, Anne and Zeggari, Rabah and Yahiaoui, Reda and Manceau, Jean-François and Le Fort-Piat, Nadine},
  title     = {Micropositioning and Fast Transport Using a Contactless Micro-Conveyor},
  journal   = {Micromachines},
  year      = {2014},
  volume    = {5},
  number    = {1},
  pages     = {66--80},
  issn      = {2072-666X},
  doi       = {10.3390/mi5010066},
  groups    = {ACLI, Distributed Manipulation with Air Flow},
}

@InProceedings{Matusek2014characterization,
  author    = {Matusek, Ondrej and Hotar, Vlastimil and Laurent, Guillaume J. and Tamadazte, Brahim and Clévy, Cédric},
  title     = {Characterization of the Positioning Accuracy and Precision of {MEMS} Die Servoing Using Model-Based Visual Tracking},
  booktitle = {International Robtep Conference},
  year      = {2014},
  volume    = {613},
  series    = {Applied Mechanics and Materials},
  month     = {May, 15-17th},
  pages     = {426--433},
  doi       = {10.4028/www.scientific.net/AMM.613.426},
  address   = {Strbské Pleso, Vysoké Tatry, Slovakia},
  groups    = {ACTI, Microrobots Calibration and Control by Vision},
}

@InProceedings{Tan2014characterization,
  author    = {Tan, Ning and Clévy, Cédric and Laurent, Guillaume J. and Sandoz, Patrick and Chaillet, Nicolas},
  title     = {Characterization and Compensation of {XY} Micropositioning Robots using Vision and Pseudo-Periodic Encoded Patterns},
  booktitle = ICRA,
  year      = {2014},
  pages     = {2819--2824},
  doi       = {10.1109/ICRA.2014.6907263},
  address   = {Hong Kong, China},
  groups    = {ACTI, Microrobots Calibration and Control by Vision},
}

@Article{Agnus2013robotic,
  author    = {Agnus, J. and Chaillet, N. and Clévy, C. and Dembélé, S. and Gauthier, M. and Haddab, Y. and Laurent, G. and Lutz, P. and Piat, N. and Rabenorosoa, K. and Rakotondrabe, M. and Tamadazte, B.},
  title     = {Robotic microassembly and micromanipulation at {FEMTO-ST}},
  journal   = {Journal of Micro-Bio Robotics},
  year      = {2013},
  volume    = {8},
  pages     = {91--106},
  doi       = {10.1007/s12213-013-0065-5},
  groups    = {ACLI, Distributed Manipulation with Air Flow},
}

@Article{Galeano2013twin,
  author    = {Galeano Zea, July and Sandoz, Patrick and Laurent, Guillaume J. and Lopes Lemos, Lucas and Clévy, Cédric},
  title     = {Twin-scale Vernier Micro-pattern for Visual Measurement of 1-D in-plane Absolute Displacements with Increased Range-to-Resolution Ratio},
  journal   = IJO,
  year      = {2013},
  volume    = {7},
  number    = {3},
  pages     = {222--234},
  doi       = {10.1080/15599612.2013.808493},
  groups    = {ACLI, High Resolution Visual Measurements},
}

@Article{Piranda2013new,
  author    = {Piranda, Benoît and Laurent, Guillaume J. and Bourgeois, Julien and Clévy, Cédric and Möbes, Sebastian and Le Fort-Piat, Nadine},
  title     = {A new concept of planar self-reconfigurable modular robot for conveying microparts},
  journal   = MECH,
  year      = {2013},
  volume    = {23},
  number    = {7},
  pages     = {906--915},
  doi       = {10.1016/j.mechatronics.2013.08.009},
  groups    = {ACLI, Microrobots Design and Modelling},
}

@Book{Zanuttini2013apprentissage,
  title     = {Apprentissage par renforcement et planification adaptative},
  year      = {2013},
  editor    = {Bruno Zanuttini and Guillaume Laurent, and Olivier Buffet},
  volume    = {27},
  series    = {Revue d'Intelligence Artificielle, numéro spécial},
  number    = {2},
  publisher = {Lavoisier},
  groups    = {DOR},
  month     = {Mars-Avril},
}

@Article{Delettre2012robust,
  author    = {Delettre, Anne and Laurent, Guillaume J. and Haddab, Yassine and Le Fort-Piat, Nadine},
  title     = {Robust control of a planar manipulator for flexible and contactless handling},
  journal   = MECH,
  year      = {2012},
  volume    = {22},
  number    = {6},
  pages     = {852--861},
  doi       = {10.1016/j.mechatronics.2012.05.003},
  groups    = {ACLI, Distributed Manipulation with Air Flow},
}

@InProceedings{Delettre2012three,
  author    = {Delettre, Anne and Laurent, Guillaume J. and Le Fort-Piat, Nadine and Varnier, Christophe},
  title     = {{3-DoF} potential air flow manipulation by inverse modeling control},
  booktitle = CASE,
  year      = {2012},
  pages     = {926--931},
  doi       = {10.1109/CoASE.2012.6386380},
  groups    = {ACTI, Distributed Manipulation with Air Flow},
}

@Conference{Delettre2012threeb,
  author    = {Delettre, Anne and Laurent, Guillaume J. and Le Fort-Piat, Nadine and Varnier, Christophe},
  title     = {{3-DoF} contactless manipulation using potential air flows},
  booktitle = {microControl'12 Workshop, New Trends and Challenges in Modeling and Control of Microsystems},
  year      = {2012},
  month     = {May 31 - June 01},
  address   = {Besançon, France},
  groups    = {COMI},
}

@InProceedings{Galeano2012twin,
  author    = {Galeano Zea, July and Sandoz, Patrick and Laurent, Guillaume J. and Lopes Lemos, Lucas and Clévy, Cédric},
  title     = {Twin-scale Vernier Micro-Pattern for Visual Measurement of {1D} in-plane Absolute Displacements with Increased Range-to-Resolution Ratio},
  booktitle = ISOT,
  year      = {2012},
  pages     = {1--6},
  doi       = {10.1080/15599612.2013.808493},
  groups    = {ACTI, High Resolution Visual Measurements},
}

@Conference{Habibi2012distributed,
  author    = {Habibi, Amirali and Dedu, Eugen and Bourgeois, Julien and Laurent, Guillaume J. and Le Fort-Piat, Nadine},
  title     = {Distributed Pneumatic {MEMS} for Fast Conveyance of Fragile Objects},
  booktitle = {Junior Researcher Workshop on Real-Time Computing (JRWRTC'12), joint to RTNS},
  year      = {2012},
  month     = {Nov.},
  address   = {Pont-à-Mousson, France},
  groups    = {COMI},
}

@Article{Ivan2012high,
  author    = {Ivan, Ioan Alexandru and Ardeleanu, Mihai and Laurent, Guillaume J.},
  title     = {High Dynamics and Precision Optical Measurement Using a Position Sensitive Detector (PSD) in Reflection-Mode: Application to 2D Object Tracking over a Smart Surface},
  journal   = {Sensors},
  year      = {2012},
  volume    = {12},
  number    = {12},
  pages     = {16771--16784},
  doi       = {10.3390/s121216771},
  groups    = {ACLI, Microrobots Calibration and Control by Vision},
}

@InProceedings{Ivan2012metrology,
  author    = {Ivan, Ioan Alexandru and Ardeleanu, Mihai and Laurent, Guillaume J. and Tang, Ning and Clévy, Cédric},
  title     = {The metrology and applications of {PSD} (position sensitive detector) sensors for microrobotics},
  booktitle = ISOT,
  year      = {2012},
  pages     = {1--2},
  doi       = {10.1109/ISOT.2012.6403287},
  groups    = {ACTI, Microrobots Calibration and Control by Vision},
}

@Article{Matignon2012independent,
  author    = {Matignon, Laëtitia and Laurent, Guillaume J. and Le Fort-Piat, Nadine},
  title     = {Independent Reinforcement Learners In Cooperative Markov Games: A Survey Regarding Coordination Problems},
  journal   = {The Knowledge Engineering Review},
  year      = {2012},
  volume    = {27},
  pages     = {1--31},
  doi       = {10.1017/S0269888912000057},
  groups    = {ACLI, Decentralized Reinforcement Learning},
}

@InProceedings{Moebes2012toward,
  author    = {Möbes, Sebastian and Piranda, Benoît and Laurent, Guillaume J. and Bourgeois, Julien and Clévy, Cédric and Le Fort-Piat, Nadine},
  title     = {Toward a {2D} Modular and Self-Reconfigurable Robot for Conveying Microparts},
  booktitle = {Proc. of the IEEE dMEMS Workshop on Design, Control and Software Implementation for Distributed MEMS},
  year      = {2012},
  publisher = {IEEE CPS},
  pages     = {7--13},
  doi       = {10.1109/dMEMS.2012.20},
  groups    = {ACTI, Microrobots Design and Modelling},
}

@InProceedings{Tan2012calibration,
  author    = {Tan, Ning and Clévy, Cédric and Laurent, Guillaume J. and Chaillet, Nicolas},
  title     = {Calibration and Validation of {XYT} Micropositioners with Vision},
  booktitle = AIM,
  year      = {2012},
  pages     = {256--261},
  doi       = {10.1109/AIM.2012.6266031},
  groups    = {ACTI, Microrobots Calibration and Control by Vision},
}

@InProceedings{Delettre2011two,
  author    = {Delettre, Anne and Laurent, Guillaume J. and Le Fort-Piat, Nadine},
  title     = {{2-DoF} Contactless Distributed Manipulation Using Superposition of Induced Air Flows},
  booktitle = IROS,
  year      = {2011},
  pages     = {5121--5126},
  doi       = {10.1109/IROS.2011.6094586},
  groups    = {ACTI, Distributed Manipulation with Air Flow},
}

@Article{Laurent2011new,
  author    = {Laurent, Guillaume J. and Delettre, Anne and Le Fort-Piat, Nadine},
  title     = {A new aerodynamic traction principle for handling products on an air cushion},
  journal   = TRO,
  year      = {2011},
  volume    = {27},
  number    = {2},
  pages     = {379--384},
  doi       = {10.1109/TRO.2011.2109211},
  groups    = {ACLI, Distributed Manipulation with Air Flow},
}

@Article{Laurent2011world,
  author    = {Laurent, Guillaume J. and Matignon, Laëtitia and Le Fort-Piat, Nadine},
  title     = {The World of Independent Learners is not Markovian},
  journal   = {Innovation in Knowledge-Based \& Intelligent Engineering Systems},
  year      = {2011},
  volume    = {15},
  number    = {1},
  pages     = {55--64},
  doi       = {10.3233/KES-2010-0206},
  groups    = {ACLI, Decentralized Reinforcement Learning},
}

@InProceedings{Boutoustous2010distributed,
  author    = {Boutoustous, Kahina and Laurent, Guillaume J. and Dedu, Eugen and Matignon, Laëtitia and Bourgeois, Julien and Le Fort-Piat, Nadine},
  title     = {Distributed control architecture for smart surfaces},
  booktitle = IROS,
  year      = {2010},
  pages     = {2018--2024},
  doi       = {10.1109/IROS.2010.5650668},
  groups    = {ACTI, Distributed Manipulation with Air Flow},
}

@InProceedings{Delettre2010new,
  author    = {Delettre, Anne and Laurent, Guillaume J. and Le Fort-Piat, Nadine},
  title     = {A new contactless conveyor system for handling clean and delicate products using induced air flows},
  booktitle = IROS,
  year      = {2010},
  pages     = {2351--2356},
  doi       = {10.1109/IROS.2010.5652194},
  groups    = {ACTI, Distributed Manipulation with Air Flow},
}

@Article{Haddab2010matlab,
  author    = {Haddab, Yassine and Lang, Bernard and Laurent, Guillaume},
  title     = {Matlab/Simulink pour l'analyse et la commande de systèmes},
  journal   = {Techniques de l'ingénieur},
  year      = {2010},
  language  = {fr},
  volume    = {TIB394DUO},
  number    = {s7460},
  pages     = {1--16},
  url       = {https://www.techniques-ingenieur.fr/base-documentaire/automatique-robotique-th16/regulation-et-commande-des-systemes-asservis-42394210/matlab-simulink-pour-l-analyse-et-la-commande-de-systemes-s7460/},
  groups    = {ACLN},
}

@InProceedings{Laurent2010mise,
  author    = {Guillaume Laurent},
  title     = {Mise en pratique de {LSPI} pour la commande linéaire quadratique adaptative d'une surface de manipulation à coussin d'air actif},
  booktitle = JFPDA,
  year      = {2010},
  language  = {fr},
  address   = {Besançon},
  groups    = {ACTN},
}

@InCollection{Laurent2010online,
  author    = {Guillaume Laurent},
  title     = {On-Line Learning for Micro-Object Manipulation},
  booktitle = {Markov Decision Processes in Artificial Intelligence},
  year      = {2010},
  editor    = {Olivier Sigaud and Olivier Buffet},
  publisher = {Wiley-ISTE},
  isbn      = {978-1-848-21167-4},
  groups    = {COS, On-Line Learning},
}

@Article{Matignon2010designing,
  author    = {Matignon, Laëtitia and Laurent, Guillaume J. and Le Fort-Piat, Nadine and Chapuis, Yves-André},
  title     = {Designing decentralized controllers for distributed-air-jet {MEMS}-based micromanipulators by reinforcement learning},
  journal   = {Journal of Intelligent and Robotic Systems},
  year      = {2010},
  volume    = {59},
  number    = {2},
  pages     = {145--166},
  doi       = {10.1007/s10846-010-9396-9},
  groups    = {ACLI, Distributed Manipulation with Air Flow, Decentralized Reinforcement Learning},
}

@Conference{Laurent2009smart,
  author    = {Laurent, Guillaume},
  title     = {Projet Smart Surface},
  booktitle = {Journées du GdR Micro et Nano Systèmes},
  year      = {2009},
  address   = {Besançon},
  groups    = {AFF},
}

@InProceedings{Matignon2009design,
  author    = {Matignon, Laëtitia and Laurent, Guillaume J. and Le Fort-Piat, Nadine},
  title     = {Design of semi-decentralized control laws for distributed-air-jet micromanipulators by reinforcement learning},
  booktitle = IROS,
  year      = {2009},
  pages     = {3277--3283},
  doi       = {10.1109/IROS.2009.5353902},
  groups    = {ACTI, Distributed Manipulation with Air Flow, Decentralized Reinforcement Learning},
}

@InProceedings{Matignon2009soan,
  author    = {Matignon, Laëtitia and Laurent, Guillaume J. and Le Fort-Piat, Nadine},
  title     = {{SOaN}: un algorithme pour la coordination d'agents apprenants et non communicants},
  booktitle = JFPDA,
  year      = {2009},
  language  = {fr},
  month     = {2-3 juin},
  pages     = {115--121},
  address   = {Paris},
  groups    = {ACTN},
}

@InCollection{Laurent2008apprentissage,
  author    = {Guillaume Laurent},
  title     = {Apprentissage en ligne de la manipulation de micro-objets},
  booktitle = {Processus décisionnels de Markov en intelligence artificielle~: volume 1, principes généraux et applications},
  year      = {2008},
  editor    = {Olivier Buffet and Olivier Sigaud},
  language  = {fr},
  series    = {Traité IC2, Informatique et systèmes d'information},
  publisher = {Hermès Science Publications},
  isbn      = {978-2746220577},
  pages     = {221--232},
  groups    = {COS},
}

@PhdThesis{Matignon2008phd,
  author      = {Matignon, Laëtitia},
  title       = {Synthèse d'agents adaptatifs et coopératifs par apprentissage par renforcement. Application à la commande d'un système distribué de micromanipulation},
  institution = {Université de Franche-Comté},
  year        = {2008},
  date        = {2008-12-04},
  month       = {4 décembre},
  address     = {Besançon},
  groups      = {TH},
  school      = {Université de Franche-Comté},
}

@Conference{Matignon2008study,
  author    = {Matignon, Laëtitia and Laurent, Guillaume J. and Le Fort-Piat, Nadine},
  title     = {A study of {FMQ} heuristic in cooperative multi-agent games},
  booktitle = {Int. Conf. on Autonomous Agents and Multiagent Systems, Multi-Agent Sequential Decision Making in Uncertain Multi-Agent Domains Workshop},
  year      = {2008},
  address = {Estoril,	Portugal},
  pages     = {77--91},
  groups    = {COMI, Decentralized Reinforcement Learning},
}

@InProceedings{Matignon2007algorithme,
  author    = {Matignon, Laëtitia and Laurent, Guillaume J. and Le Fort-Piat, Nadine},
  title     = {Un algorithme décentralisé d'apprentissage par renforcement multi-agents coopératifs : le Q-Learning Hystérétique},
  booktitle = JFPDA,
  year      = {2007},
  language  = {fr},
  month     = {Juillet},
  pages     = {115--121},
  address   = {Grenoble},
  groups    = {ACTN},
}

@Conference{Matignon2007controle,
  author    = {Matignon, Laëtitia and Laurent, Guillaume J. and Le Fort-Piat, Nadine},
  title     = {Contrôle distribué d'une Smart surface par Apprentissage par Renforcement},
  booktitle = {6èmes Journées Nationales de la Recherche en Robotique, JNRR'07},
  year      = {2007},
  note      = {6 pages},
  address   = {Obernai, France},
  groups    = {AFF},
}

@InProceedings{Matignon2007hysteretic,
  author    = {Matignon, Laëtitia and Laurent, Guillaume J. and Le Fort-Piat, Nadine},
  title     = {Hysteretic {Q}-Learning : an algorithm for Decentralized Reinforcement Learning in Cooperative Multi-Agent Teams},
  booktitle = IROS,
  year      = {2007},
  month     = {Oct 29 - Nov 2},
  pages     = {64--69},
  doi       = {10.1109/IROS.2007.4399095},
  address   = {San Diego, CA, USA},
  groups    = {ACTI, Decentralized Reinforcement Learning},
}

@Article{Laurent2006apprentissage,
  author   = {Laurent, Guillaume J. and Piat, Emmanuel},
  title    = {Apprentissage par renforcement dans le cadre des processus décisionnels de Markov factorisés observables dans le désordre},
  journal  = {Revue d'Intelligence Artificielle},
  year     = {2006},
  language = {fr},
  volume   = {20},
  pages    = {275--309},
  doi      = {10.3166/ria.20.275-310},
  groups   = {ACLN, Decentralized Reinforcement Learning},
}

@InProceedings{Matignon2006choix,
  author    = {Matignon, Laëtitia and Laurent, Guillaume J. and Le Fort-Piat, Nadine},
  title     = {Choix de la fonction de renforcement et des valeurs initiales pour accélérer les problèmes d'apprentissage par renforcement de plus court chemin stochastique},
  booktitle = JFPDA,
  year      = {2006},
  language  = {fr},
  month     = {10-12 mai},
  pages     = {107--114},
  address   = {Toulouse},
  groups    = {ACTN},
}

@InProceedings{Matignon2006improving,
  author    = {Matignon, Laëtitia and Laurent, Guillaume J. and Le Fort-Piat, Nadine},
  title     = {Improving Reinforcement Learning Speed for Robot Control},
  booktitle = IROS,
  year      = {2006},
  month     = {Oct. 9--15},
  pages     = {3172--3177},
  doi       = {10.1109/IROS.2006.282341},
  address   = {Beijing, China},
  groups    = {ACTI, On-Line Learning},
}

@InProceedings{Matignon2006reward,
  author    = {Matignon, Laëtitia and Laurent, Guillaume J. and Le Fort-Piat, Nadine},
  title     = {Reward Function and Initial Values: Better Choices for Accelerated Goal-Directed Reinforcement Learning},
  booktitle = {Proc. of the Int. Conf. on Artificial Neural Networks},
  year      = {2006},
  editor    = {S.D. Kollias and A. Stafylopatis and W. Duch and E. Oja},
  volume    = {4131},
  series    = {Lecture Notes in Computer Science},
  publisher = {Springer-Verlag},
  pages     = {840--849},
  doi       = {10.1007/11840817_87},
  groups    = {ACTI, On-Line Learning},
}

@InProceedings{Adda2005learning,
  author    = {Adda, Cédric and Laurent, Guillaume J. and Le Fort-Piat, Nadine},
  title     = {Learning to control a real micropositioning system in the {STM-Q} framework},
  booktitle = ICRA,
  year      = {2005},
  month     = {April 18--22},
  pages     = {4580--4585},
  doi       = {10.1109/ROBOT.2005.1570824},
  address   = {Barcelone, Spain},
  groups    = {ACTI, On-Line Learning},
}

@Conference{Adda2004micropositioning,
  author    = {Adda, Cédric and Le Fort-Piat, Nadine and Laurent, Guillaume},
  title     = {Micropositioning by pushing with control by reinforcement learning},
  booktitle = {35th International Symposium on Robotics},
  year      = {2004},
  month     = {March 23--26},
  address   = {Paris, France},
  groups    = {COMI},
}

@Article{Laurent2003conception,
  author   = {Laurent, Guillaume J. and Piat, Emmanuel},
  title    = {Conception et modélisation d'un microrobot nageur},
  journal  = {Journal Européen des Systèmes Automatisés},
  year     = {2003},
  language = {fr},
  volume   = {37},
  number   = {1},
  pages    = {31--48},
  doi      = {10.3166/jesa.37.31-48},
  groups   = {ACLN, Microrobots Design and Modelling},
}

@InProceedings{Laurent2003dyna-q,
  author    = {Laurent, Guillaume J. and Piat, Emmanuel},
  title     = {Dyna-{Q} Parallèle},
  booktitle = {Journées Nationales sur les Processus Décisionnels de Markov et l'Intelligence Artificielle},
  year      = {2003},
  language  = {fr},
  month     = {2 Juin},
  address   = {Caen},
  groups    = {ACTN},
}

@Conference{Laurent2003learning,
  author    = {Laurent, Guillaume J. and Piat, Emmanuel},
  title     = {Learning to control real systems with parallel {D}yna-{Q}},
  booktitle = {6th European Workshop On Reinforcement Learning},
  year      = {2003},
  month     = {September 4--5},
  pages     = {45--46},
  address   = {Nancy, France},
  groups    = {COMI},
}

@InProceedings{Laurent2002learning,
  author    = {Laurent, Guillaume J. and Piat, Emmanuel},
  title     = {Learning Mixed Behaviours with Parallel {Q}-learning},
  booktitle = IROS,
  year      = {2002},
  volume    = {1},
  month     = {September 30 -- October 4},
  pages     = {1002--1007},
  doi       = {10.1109/IRDS.2002.1041521},
  address   = {Lausanne, Switzerland},
  groups    = {ACTI, On-Line Learning},
}

@PhdThesis{Laurent2002phd,
  author      = {Laurent, Guillaume},
  title       = {Synthèse de comportements par apprentissages par renforcement parallèles~: application à la commande d'un micromanipulateur plan},
  institution = {Université de Franche-Comté},
  year        = {2002},
  date        = {2002-12-18},
  type        = {Thèse de doctorat},
  address     = {Besançon, France},
  groups      = {TH},
  school      = {Université de Franche-Comté},
}

@InProceedings{Laurent2001commande,
  author    = {Laurent, Guillaume and Piat, Emmanuel},
  title     = {Commande de micromanipulateurs plans par apprentissage par renforcement},
  booktitle = {14èmes Journées des Jeunes Chercheurs en Robotique},
  year      = {2001},
  language  = {fr},
  month     = {31 Mai -- 1er Juin},
  pages     = {20--25},
  address   = {Evry},
  groups    = {ACTN},
}

@Conference{Laurent2001control,
  author    = {Laurent, Guillaume and Piat, Emmanuel},
  title     = {Control of planar micro-manipulator systems using reinforcement learning},
  booktitle = {3rd European-Asian Mecatronics Congress},
  year      = {2001},
  month     = {October 9--11},
  pages     = {411--416},
  address   = {Besançon, France},
  groups    = {COMI},
}

@InProceedings{Laurent2001efficiency,
  author    = {Laurent, Guillaume and Piat, Emmanuel},
  title     = {Efficiency of Swimming Microrobots using Ionic Polymer Metal Composite Actuators},
  booktitle = ICRA,
  year      = {2001},
  month     = {May 21--26},
  pages     = {3914--3919},
  doi       = {10.1109/ROBOT.2001.933227},
  address   = {Seoul, Korea},
  groups    = {ACTI, Microrobots Design and Modelling},
}

@InProceedings{Laurent2001parallel,
  author    = {Laurent, Guillaume and Piat, Emmanuel},
  title     = {Parallel {Q}-Learning for a block-pushing problem},
  booktitle = IROS,
  year      = {2001},
  volume    = {1},
  month     = {October 29 -- November 3},
  pages     = {286--291},
  doi       = {10.1109/IROS.2001.973372},
  address   = {Maui, USA},
  groups    = {ACTI, On-Line Learning},
}

@Article{Haouas2017new,
  author    = {Haouas, Wissem and Dahmouche, Redwan and Agnus, Joël and Le Fort-Piat, Nadine and Laurent, Guillaume J.},
  title     = {New integrated silicon-PDMS process for compliant micro-mechanisms},
  journal   = {Journal of Micromechanics and Microengineering},
  year      = {2017},
  volume    = {27},
  number    = {12},
  doi       = {10.1088/1361-6439/aa858b},
  groups    = {ACLI, Microrobots Design and Modelling},
}

@InProceedings{Guelpa2017printed,
  author    = {Guelpa, V. and Prax, J. S. and Vitry, Y. and Lehmann, O. and Dehaeck, S. and Sandoz, P. and Clévy, C. and Le Fort-Piat, N. and Lambert, P. and Laurent, G. J.},
  title     = {3D-printed vision-based micro-force sensor dedicated to in situ SEM measurements},
  booktitle = AIM,
  year      = {2017},
  pages     = {424--429},
  doi       = {10.1109/AIM.2017.8014054},
  groups    = {ACTI, High Resolution Visual Measurements},
}

@InProceedings{Baran2017preliminary,
  author    = {Baran, Y. and Rabenorosoa, K. and Laurent, G. J. and Rougeot, P. and Andreff, N. and Tamadazte, B.},
  title     = {Preliminary Results on OCT-based Position Control of a Concentric Tube Robot},
  booktitle = IROS,
  year      = {2017},
  pages     = {3000--3005},
  doi       = {10.1109/IROS.2017.8206137},
  groups    = {ACTI, Microrobots Calibration and Control by Vision},
}

@Conference{Jacquot2017multiscale,
  author    = {Jacquot, Maxime and Asmad Vergara, Miguel A. and Laurent, Guillaume and Sandoz, Patrick},
  title     = {Multiscale lensless visual position sensing by digital holography},
  booktitle = {2017 European Conference on Lasers and Electro-Optics and European Quantum Electronics Conference},
  year      = {2017},
  address = {Munich, Germany},
  publisher = {Optical Society of America},
  groups    = {COMI, High Resolution Visual Measurements},
}

@Article{Haouas2018new,
  author    = {Haouas, Wissem and Dahmouche, Redwan and Le Fort-Piat, Nadine and Laurent, Guillaume J.},
  title     = {A New Seven Degrees-of-Freedom Parallel Robot With a Foldable Platform},
  journal   = {Journal of Mechanisms and Robotics},
  year      = {2018},
  volume    = {10},
  number    = {4},
  doi       = {10.1115/1.4039693},
  groups    = {ACLI, Microrobots Design and Modelling},
  publisher = {ASME},
}

@InProceedings{Sandoz2018enlarging,
  author    = {Sandoz, Patrick and Jacquot, Maxime and Guelpa, Valérian and Galeano Zea, July A. and Gaiffe, Emilie and Asmad Vergara, Miguel and Clévy, Cédric and Laurent, Guillaume J.},
  title     = {Enlarging computer-vision sensing-capabilities using pseudo-periodic patterns},
  booktitle = {Latin America Optics and Photonics Conference (Optical Society of America)},
  year      = {2018},
  publisher = {Optical Society of America},
  doi       = {10.1364/LAOP.2018.W4B.4},
  groups    = {ACTI, High Resolution Visual Measurements},
  journal   = {Latin America Optics and Photonics Conference},
}

@InProceedings{Haouas2018analysis,
  author    = {Haouas, Wissem and Dahmouche, Redwan and Laurent, Guillaume J.},
  title     = {Analysis of an Integrated 4-DoF Parallel Wrist for Dexterous Gripping},
  booktitle = CASE,
  year      = {2018},
  pages     = {1448--1453},
  doi       = {10.1109/COASE.2018.8560701},
  groups    = {ACTI, Microrobots Design and Modelling},
}

@InProceedings{Jacquot2018frequency,
  author    = {Jacquot, Maxime and Asmad Vergara, Miguel and Laurent, Guillaume and Sandoz, Patrick},
  title     = {Frequency domain processing of digital holograms applied to high-accurate vision-based position control in micro-robotics},
  booktitle = {SPIE Photonics West},
  year      = {2018},
  volume    = {10558},
  doi       = {10.1117/12.2287560},
  groups    = {ACTI, High Resolution Visual Measurements},
}

@InProceedings{Ourak2018geometric,
  author    = {Ourak, Mouloud and Tamadazte, Brahim and Laurent, Guillaume J. and Andreff, Nicolas},
  title     = {Geometric Calibration of an OCT Imaging System},
  booktitle = ICRA,
  year      = {2018},
  pages     = {3993--3999},
  doi       = {10.1109/ICRA.2018.8463171},
  groups    = {ACTI, Microrobots Calibration and Control by Vision},
}

@Article{AsmadVergara2018digital,
  author    = {Asmad Vergara, Miguel and Jacquot, Maxime and Laurent, Guillaume J. and Sandoz, Patrick},
  title     = {Digital Holography as Computer Vision Position Sensor with an Extended Range of Working Distances},
  journal   = {Sensors},
  year      = {2018},
  volume    = {18},
  number    = {7},
  doi       = {10.3390/s18072005},
  groups    = {ACLI, High Resolution Visual Measurements},
  publisher = {MDPI},
}

@PhdThesis{Delettre2011phd,
  author      = {Anne Delettre},
  title       = {Conception, modélisation et commande d'une surface de manipulation sans contact à flux d'air induit},
  institution = {Université de Franche-Comté},
  year        = {2011},
  date        = {2011-12-07},
  groups      = {TH},
}

@PhdThesis{Guelpa2017phd,
  author      = {Valérian Guelpa},
  title       = {Etalonnage et commande de microrobots par mesure visuelle sub-pixellique et multi- directionnelle},
  institution = {Université de Bourgogne Franche-Comté},
  year        = {2017},
  date        = {2017-12-08},
  groups      = {TH},
}

@PhdThesis{Haouas2018phd,
  author      = {Wissem Haouas},
  title       = {Étude et développement de robots parallèles à plateformes configurables pour la micromanipulation dextre},
  institution = {Université de Bourgogne Franche-Comté},
  year        = {2018},
  date        = {2018-11-14},
  groups      = {TH},
}

@Article{Mauze2020nanometer,
   year = {2020},
   title = {Nanometer Precision With a Planar Parallel Continuum Robot},
   author = {Mauzé, Benjamin and Dahmouche, Redwan and Laurent, Guillaume J. and André, Antoine N. and Rougeot, Patrick and Sandoz, Patrick and Clévy, Cédric},
   journal = RAL,
   pages = {3806 - 3813},
   number = {3},
   volume = {5},
   doi = {10.1109/LRA.2020.2982360},
   groups = {ACLI, Microrobots Design and Modelling},
}

@InProceedings{Placet2020transverse,
  title = {Transverse compressive properties of natural fibers determined using micro mechatronic systems and 2D full-field measurements},
  booktitle = {Materials Today: Proceedings of the 4th Int. Conf. on Natural FIbers (ICNF 2019)},
  doi = {10.1016/j.matpr.2020.01.383},
  author = {Placet, Vincent and Blot, Mélissa and Weemaes, Tine and Bernollin, Hugo and Laurent, Guillaume and Amiot, Fabien and Clévy, Cédric and Beaugrand, Johnny},
  year = {2020},
  address = {Porto, Portugal},
  groups = {ACTI, High Resolution Visual Measurements},
}

@Article{Andre2020sensing,  
  author={André, Antoine N. and Sandoz, Patrick and Mauzé, Benjamin and Jacquot, Maxime and Laurent, Guillaume J.},  
  journal=TMECH,   
  title={Sensing One Nanometer over Ten Centimeters: A Micro-Encoded Target for Visual In-Plane Position Measurement},   
  year={2020},
  volume = {25},
  pages = {1193-1201},
  issue = {3},
  doi = {10.1109/TMECH.2020.2965211},
  groups = {ACLI, High Resolution Visual Measurements},  
}

@Article{Andre2020robust,
  author = 	 {André, Antoine N. and Sandoz, Patrick and Mauzé, Benjamin and Jacquot, Maxime and Laurent, Guillaume J.},
  title = 	 {Robust phase-based decoding for absolute (X, Y, $\Theta$) positioning by vision},
  journal = 	 {IEEE Transactions on Instrumentation and Measurement},
  year = 	 {2020},
  volume = 	 {70},
  pages = 	 {1-12},
  doi =          {10.1109/TIM.2020.3009353},
  groups = {ACLI, High Resolution Visual Measurements},  
}

@Conference{Andre2020sensing2,
   author = 	 {André, Antoine N. and Sandoz, Patrick and Mauzé, Benjamin and Jacquot, Maxime and Laurent, Guillaume J.},
  title = 	 {Sensing One Nanometer Over Ten Centimeters: A Microencoded Target for Visual In-Plane Position Measurement},
  booktitle = AIM,
  year = 	 {2020},
  address = {Boston, USA},
   month = {July 6-10},
  groups = {COMI, High Resolution Visual Measurements},
}


@InProceedings{Haouas2019kinematics,
  author={Haouas, Wissem and Laurent, Guillaume J. and Thibaud, Sébastien and Dahmouche, Redwan},
  title = {Kinematics, Design and Experimental Validation of a Novel Parallel Robot for Two-Fingered Dexterous Manipulation},
  booktitle = IROS,
  year = {2019}, 
  pages = {6763-6768}, 
  doi = {10.1109/IROS40897.2019.8968570},
  groups = {ACTI, Microrobots Design and Modelling},
}

@InProceedings{Amiot2019determination,
  year = {2019},
  title = {Détermination des propriétés mécaniques transverses de fibres par compression diamétrale et mesures de champs de déplacement},
  author = {Amiot, Fabien and Blot, Mélissa and Weemaes, Tine and Bernollin, Hugo and Laurent, Guillaume and Clévy, Cédric and Placet, Vincent},
  pages = {3},
  address = {Brest, France},
  booktitle = {24ème Congrès Français de Mécanique},
  groups = {ACTN, High Resolution Visual Measurements},
}

@Conference{Jacquot2019shape,
   year = {2019},
   title = {The shape of light: how to measure, control and compute complexity?},
   author = {Jacquot, Maxime and Brunner, Daniel and Porte, Javier and Andreoli, Louis and Maktoobi, Sheler and Sandoz, Patrick and Laurent, Guillaume and Froehly, Luc and Meyer, Rémi and Ouadghiri Idrissi, Ismail and Larger, Laurent and Dudley, John Michaël and Courvoisier, François},
   address = {Stockholm, Sweden},
   booktitle = {18th Workshop on Information Optics (WIO 2019)},
   groups = {COMI, High Resolution Visual Measurements}
}

@InProceedings{Clevy2019insitu,
   year = {2019},
   title = {In-situ Versatile Characterization of Carbon NanoTubes using Nanorobotics},
   author = {Clévy, Cédric and Sauvet, Bruno and Rauch, Jean-Yves and Lehmann, Olivier and Marionnet, François and Lutz, Philippe and Lorenzo Beccacece and Xavier, Stéphane and Aubry, Raphael and Afshin Ziaei and Prévot, Claude and Laurent, Guillaume J.},
   pages = {1 - 6},
   booktitle = {Proc. of the IEEE Int. Conf. on Manipulation, Automation and Robotics at Small Scales (MARSS)},
   doi = {10.1109/MARSS.2019.8860970},
   groups = {ACTI, Microrobots Design and Modelling},
}

@Conference{Ourak2018image,
   year = {2018},
   title = {Image Distortion Compensation in Optical Coherence Tomography},
   author = {Ourak, Mouloud and Tamadazte, Brahim and Laurent, Guillaume J. and Rabenorosoa Kanty and Andreff, Nicolas},
   address = {London, UK},
   month = {June 24-27},
   booktitle = {Hamlyn Symposium on Medical Robotics},
   groups = {COMI, High Resolution Visual Measurements},
}

@Conference{Haouas2018design,
   year = {2018},
   title = {Design and Fabrication of a 7-DoF Miniature Mechanism with Soft Joints},
   author = {Haouas, Wissem and Dahmouche, Redwan and Laurent, Guillaume J.},
   address = {Livorno, Italy},
   month = {April 24-28},
   booktitle = {IEEE International Conference on Soft Robotics (RoboSoft)},
   groups = {COMI, Microrobots Design and Modelling},
}

@INPROCEEDINGS{Mauze2020visual,
  author={Mauzé, Benjamin and Dahmouche, Redwan and Clévy, Cédric and Sandoz, Patrick and Hennebelle, François and Laurent, Guillaume J.},
  booktitle={Proc. of the IEEE Int. Conf. on Manipulation, Automation and Robotics at Small Scales (MARSS)}, 
  title={Visual Measurements at Small Scales: Guidelines to Reduce Uncertainties down to a Few Nanometers}, 
  year={2020},
  pages={1-6},
  doi={10.1109/MARSS49294.2020.9307854},
  groups = {ACTI, High Resolution Visual Measurements},
}

@INPROCEEDINGS{Andre2020scalable,
  author={André, Antoine N. and Sandoz, Patrick and Jacquot, Maxime and Laurent, Guillaume J.},
  booktitle={Proc. of the IEEE Int. Conf. on Manipulation, Automation and Robotics at Small Scales (MARSS)}, 
  title={Robust, precise and scalable: A phase-encoded pattern for visual X, Y, Θ positioning}, 
  year={2020},
  pages={1-5},
  doi={10.1109/MARSS49294.2020.9307842},
  groups = {ACTI, High Resolution Visual Measurements},
}



@Comment{jabref-meta: databaseType:biblatex;}

@Comment{jabref-meta: grouping:
0 AllEntriesGroup:;
1 StaticGroup:ACLI\;0\;1\;\;\;Articles dans des revues internationales ou nationales avec comité de lecture répertoriées dans les bases de données internationales\;;
1 StaticGroup:ACLN\;0\;1\;\;\;Articles dans des revues avec comité de lecture non répertoriées dans des bases de données internationales\;;
1 StaticGroup:ASCL\;0\;1\;\;\;Articles dans des revues sans comité de lecture\;;
1 StaticGroup:COS\;0\;1\;\;\;Chapitres d'ouvrages scientifiques\;;
1 StaticGroup:BRE\;0\;1\;\;\;Brevets\;;
1 StaticGroup:ACTI\;0\;1\;\;\;Communications avec actes dans un congrès international\;;
1 StaticGroup:ACTN\;0\;1\;\;\;Communications avec actes dans un congrès national\;;
1 StaticGroup:INV\;0\;1\;\;\;Conférences données à l'invitation du Comité d'organisation dans un congrès national ou international\;;
1 StaticGroup:COMI\;0\;1\;\;\;Communications orales sans actes dans un congrès international\;;
1 StaticGroup:COMN\;0\;1\;\;\;Communications orales sans actes dans un congrès national\;;
1 StaticGroup:AFF\;0\;1\;\;\;Communications par affiche dans un congrès international ou national\;;
1 StaticGroup:DOR\;0\;1\;\;\;Direction de revues et de numéros spéciaux\;;
1 StaticGroup:TH\;0\;1\;\;\;Thèses\;;
1 StaticGroup:Microrobots Design and Modelling\;0\;1\;\;\;\;;
1 StaticGroup:High Resolution Visual Measurements\;0\;1\;\;\;\;;
1 StaticGroup:Microrobots Calibration and Control by Vision\;0\;1\;\;\;\;;
1 StaticGroup:Distributed Manipulation with Air Flow\;0\;1\;\;\;\;;
1 StaticGroup:Decentralized Reinforcement Learning\;0\;1\;\;\;\;;
1 StaticGroup:On-Line Learning\;0\;1\;\;\;\;;
}
